%% This BibTeX bibliography file was created using BibDesk.
%% http://bibdesk.sourceforge.net/


%% Created for Andres KÃ¼tt at 2014-07-08 16:22:39 +0300 


%% Saved with string encoding Unicode (UTF-8) 


@techreport{RFC2616,
        Author = {Fielding, Roy and Gettys, James and Mogul, Jeffrey and Frystyk, Henrik and Masinter, Larry and Leach, Paul and Berners-Lee, Tim},
        Date-Added = {2014-07-22 16:25:55 +0000},
        Date-Modified = {2014-07-22 16:26:44 +0000},
        Institution = { The Internet Society},
        Title = {{Hypertext transfer protocol--HTTP/1.1}},
	Year = {1999}}


@webpage{xroadmanual,
	Author = {{Republic of Estonia. Information System Auhtority}},
	Date-Added = {2014-07-08 13:10:36 +0000},
	Date-Modified = {2014-07-08 13:22:39 +0000},
	Lastchecked = {8th of July 2014},
	Month = {October},
	Title = {{Security server user's guide. Version 5.04} \url{http://x-road.ee/docs/eng/security_server_users_guide.pdf}},
	Url = {\url{http://x-road.ee/docs/eng/security_server_users_guide.pdf}},
	Year = {2012}}

@book{adams1999understanding,
	Author = {Adams, Carlisle and Lloyd, Steve},
	Date-Added = {2014-07-04 12:39:52 +0000},
	Date-Modified = {2014-07-04 12:39:52 +0000},
	Publisher = {Sams Publishing},
	Title = {Understanding public-key infrastructure: concepts, standards, and deployment considerations},
	Year = {1999}}

@book{fowler2004uml,
	Author = {Fowler, Martin},
	Date-Added = {2014-07-04 12:35:57 +0000},
	Date-Modified = {2014-07-04 12:35:57 +0000},
	Publisher = {Addison-Wesley Professional},
	Title = {UML distilled: a brief guide to the standard object modeling language},
	Year = {2004}}

@misc{xteemaarus,
	Author = {Vabariigi Valitsus},
	Date-Added = {2014-07-04 11:59:23 +0000},
	Date-Modified = {2014-07-04 15:26:05 +0000},
	Howpublished = {Elektrooniline Riigi Teataja},
	Month = {Jaanuar},
	Title = {{M{\"a}{\"a}rus nr.78. Infos{\"u}steemide andmevahetuskiht}},
	Year = {2011}}

@article{naur1969software,
	Author = {Naur, Peter and Randell, Brian and Bauer, Friedrich Ludwig and NATO Science Committee and others},
	Date-Added = {2014-07-04 10:33:14 +0000},
	Date-Modified = {2014-07-04 10:51:10 +0000},
	Publisher = {Scientific Affairs Division, NATO},
	Title = {Software Engineering: Report on a conference sponsored by the NATO SCIENCE COMMITTEE, Garmisch, Germany, 7th to 11th October 1968},
	Year = {1969},
	Bdsk-File-1 = {YnBsaXN0MDDUAQIDBAUGJCVYJHZlcnNpb25YJG9iamVjdHNZJGFyY2hpdmVyVCR0b3ASAAGGoKgHCBMUFRYaIVUkbnVsbNMJCgsMDxJXTlMua2V5c1pOUy5vYmplY3RzViRjbGFzc6INDoACgAOiEBGABIAFgAdccmVsYXRpdmVQYXRoWWFsaWFzRGF0YV8QGi4uL2NvbmZlcmVuY2UvbmF0bzE5NjguUERG0hcLGBlXTlMuZGF0YU8RAZoAAAAAAZoAAgAADE1hY2ludG9zaCBIRAAAAAAAAAAAAAAAAAAAAM5mEidIKwAAAEkdIAxuYXRvMTk2OC5QREYAAAAAAAAAAAAAAAAAAAAAAAAAAAAAAAAAAAAAAAAAAAAAAAAAAAAAAAAAAAAAAAAAAAAAhTZnz2iJKwAAAAAAAAAAAAEAAgAACSAAAAAAAAAAAAAAAAAAAAAKY29uZmVyZW5jZQAQAAgAAM5l5/cAAAARAAgAAM9oXvsAAAABABAASR0gAAbnAgAG5wEAAmB1AAIAQ01hY2ludG9zaCBIRDpVc2VyczoAYW5kcmVza3l0dDoARG9jdW1lbnRzOgBjb25mZXJlbmNlOgBuYXRvMTk2OC5QREYAAA4AGgAMAG4AYQB0AG8AMQA5ADYAOAAuAFAARABGAA8AGgAMAE0AYQBjAGkAbgB0AG8AcwBoACAASABEABIAMlVzZXJzL2FuZHJlc2t5dHQvRG9jdW1lbnRzL2NvbmZlcmVuY2UvbmF0bzE5NjguUERGABMAAS8AABUAAgAR//8AAIAG0hscHR5aJGNsYXNzbmFtZVgkY2xhc3Nlc11OU011dGFibGVEYXRhox0fIFZOU0RhdGFYTlNPYmplY3TSGxwiI1xOU0RpY3Rpb25hcnmiIiBfEA9OU0tleWVkQXJjaGl2ZXLRJidUcm9vdIABAAgAEQAaACMALQAyADcAQABGAE0AVQBgAGcAagBsAG4AcQBzAHUAdwCEAI4AqwCwALgCVgJYAl0CaAJxAn8CgwKKApMCmAKlAqgCugK9AsIAAAAAAAACAQAAAAAAAAAoAAAAAAAAAAAAAAAAAAACxA==}}